<?xml version="1.0" encoding="UTF-8"?><collection xmlns="http://www.loc.gov/MARC21/slim"><record><leader>00683nam--2200193-i-4500</leader><controlfield tag="001">000044150</controlfield><controlfield tag="002">20161230</controlfield><controlfield tag="005">20161230201044</controlfield><controlfield tag="008">060222s1000------------r-----000-0-rum-d</controlfield><datafield ind1=" " ind2=" " tag="040"><subfield code="a">IFIN-HH</subfield></datafield><datafield ind1=" " ind2=" " tag="041"><subfield code="a">rum</subfield></datafield><datafield ind1=" " ind2=" " tag="080"><subfield code="a">537.533.35:538.91(043)</subfield></datafield><datafield ind1="1" ind2=" " tag="100"><subfield code="a">Teodorescu, Valentin Serban</subfield></datafield><datafield ind1="1" ind2="0" tag="245"><subfield code="a">Studiul prin microscopie electronica a modificarilor structurale produse in solide, prin fenomene de oxido-reducere si iradiere cu electroni</subfield><subfield code="b">Teza</subfield><subfield code="c">Valentin serban teodorescu</subfield></datafield><datafield ind1=" " ind2=" " tag="260"><subfield code="a">Bucuresti</subfield><subfield code="b">Institutul Central De Fizica</subfield><subfield code="c">1985</subfield></datafield><datafield ind1=" " ind2=" " tag="300"><subfield code="a">150P</subfield></datafield><datafield ind1=" " ind2=" " tag="502"><subfield code="a">Conducator Stiintific: Prof.Dr. Daanila Barb</subfield></datafield><datafield ind1=" " ind2=" " tag="852"><subfield code="a">72895</subfield><subfield code="c">537.533.35</subfield></datafield><datafield ind1=" " ind2=" " tag="CAT"><subfield code="a">Sys</subfield><subfield code="c">20110914</subfield><subfield code="h">164146</subfield></datafield></record></collection>